<record xmlns="http://www.loc.gov/MARC21/slim" xmlns:xsi="http://www.w3.org/2001/XMLSchema-instance" xsi:schemaLocation="http://www.loc.gov/MARC21/slim http://www.loc.gov/standards/marcxml/schema/MARC21slim.xsd"><leader>     nam a22        4500</leader><controlfield tag="001">3071679</controlfield><controlfield tag="003">NNC</controlfield><controlfield tag="006">m        d        </controlfield><controlfield tag="007">cr cn |||m|||a</controlfield><controlfield tag="008">150318s1958    sy h    o     000 0 ara d</controlfield><datafield ind1=" " ind2=" " tag="040"><subfield code="a">NNU</subfield><subfield code="b">eng</subfield><subfield code="e">rda</subfield><subfield code="c">NNU</subfield></datafield><datafield ind1="1" ind2=" " tag="100"><subfield code="6">880-01</subfield><subfield code="a">Ibn al-Khayya&#772;t&#803;, Ah&#803;mad ibn Muh&#803;ammad,</subfield><subfield code="d">1058 or 1059-1123 or 1124.</subfield></datafield><datafield ind1="1" ind2="0" tag="240"><subfield code="a">Poems</subfield></datafield><datafield ind1="1" ind2="0" tag="245"><subfield code="6">880-02</subfield><subfield code="a">Di&#772;wa&#772;n Ibn al-Khayya&#772;t&#803; Abi&#772; &#699;Abd Alla&#772;h Ah&#803;mad ibn Muh&#803;ammad ibn &#699;Ali&#772; al-Taghlibi&#772;, al-ma&#699;ru&#772;f bi-Ibn al-Khayya&#772;t&#803; al-Dimashqi&#772;, 450-517;</subfield><subfield code="b">riwa&#772;yat tilmi&#772;dhihi Abi&#772; &#699;Abd Alla&#772;h Muh&#803;ammad ibn Nas&#803;r ibn S&#803;aghi&#772;r al-Kha&#772;lidi&#772; al-Qaysara&#772;ni&#772;, 478-548.</subfield><subfield code="c">&#699;Uniya bitah&#803;qi&#772;qihi&#772; Khali&#772;l Mardam Bek.</subfield></datafield><datafield ind1=" " ind2=" " tag="260"><subfield code="6">880-03</subfield><subfield code="a">Dimashq :</subfield><subfield code="b">[al-Mat&#803;ba&#699;ah al-Ha&#772;shimi&#772;yah],</subfield><subfield code="c">[1958]</subfield></datafield><datafield ind1=" " ind2=" " tag="300"><subfield code="a">online resource (49, 347 pages) :</subfield><subfield code="b">10 facsimiles.</subfield></datafield><datafield ind1=" " ind2=" " tag="336"><subfield code="a">text</subfield><subfield code="2">rdacontent</subfield></datafield><datafield ind1=" " ind2=" " tag="337"><subfield code="a">computer</subfield><subfield code="2">rdamedia</subfield></datafield><datafield ind1=" " ind2=" " tag="338"><subfield code="a">online resource</subfield><subfield code="2">rdacarrier</subfield></datafield><datafield ind1="1" ind2=" " tag="490"><subfield code="6">880-04</subfield><subfield code="a">Mat&#803;bu&#772;&#699;a&#772;t al-Majma&#699; al-&#699;Ilmi&#772; al-&#699;Arabi&#772; bi-Dimashq</subfield></datafield><datafield ind1=" " ind2=" " tag="500"><subfield code="a">Part of the Arabic Collections Online (ACO) project, contributed by Columbia University Libraries.</subfield></datafield><datafield ind1=" " ind2=" " tag="533"><subfield code="a">Electronic reproduction.</subfield><subfield code="b">New York, N.Y. :</subfield><subfield code="c">New York University,</subfield><subfield code="d">2015.</subfield><subfield code="5">NNU</subfield></datafield><datafield ind1="1" ind2=" " tag="700"><subfield code="6">880-05</subfield><subfield code="a">Ibn al-Qaysara&#772;ni&#772;, Muh&#803;ammad ibn Nas&#803;r,</subfield><subfield code="d">1085-1154.</subfield></datafield><datafield ind1="2" ind2=" " tag="710"><subfield code="a">Columbia University.</subfield><subfield code="b">Libraries.</subfield></datafield><datafield ind1="0" ind2=" " tag="730"><subfield code="a">Arabic Collections Online.</subfield></datafield><datafield ind1="0" ind2="8" tag="776"><subfield code="i">Print version:</subfield><subfield code="a">Ibn al-Khayya&#772;t&#803;, Ah&#803;mad ibn Muh&#803;ammad, 1058 or 1059-1123 or 1124.</subfield><subfield code="t">Di&#772;wa&#772;n Ibn al-Khayya&#772;t&#803; Abi&#772; &#699;Abd Alla&#772;h Ah&#803;mad ibn Muh&#803;ammad ibn &#699;Ali&#772; al-Taghlibi&#772;, al-ma&#699;ru&#772;f bi-Ibn al-Khayya&#772;t&#803; al-Dimashqi&#772;, 450-517;</subfield><subfield code="w">(NNC)3071679</subfield><subfield code="w">(OCoLC)47822318</subfield></datafield><datafield ind1=" " ind2="0" tag="830"><subfield code="6">880-06</subfield><subfield code="a">Mat&#803;bu&#772;&#699;a&#772;t al-Majma&#699; al-&#699;Ilmi&#772; al-&#699;Arabi&#772; bi-Dimashq.</subfield></datafield><datafield ind1="4" ind2="0" tag="856"><subfield code="u">http://hdl.handle.net/2333.1/63xsj633</subfield></datafield><datafield ind1="1" ind2=" " tag="880"><subfield code="6">100-01</subfield><subfield code="a">&#1575;&#1576;&#1606; &#1575;&#1604;&#1582;&#1610;&#1575;&#1591;&#1548; &#1575;&#1581;&#1605;&#1583; &#1576;&#1606; &#1605;&#1581;&#1605;&#1583;&#1548;</subfield><subfield code="d">1058 or 1059-1123 or 1124.</subfield></datafield><datafield ind1="1" ind2="0" tag="880"><subfield code="6">245-02</subfield><subfield code="a">&#1583;&#1610;&#1608;&#1575;&#1606; &#1575;&#1576;&#1606; &#1575;&#1604;&#1582;&#1610;&#1575;&#1591; &#1575;&#1576;&#1610; &#1593;&#1576;&#1583; &#1575;&#1604;&#1604;&#1607; &#1575;&#1581;&#1605;&#1583; &#1576;&#1606; &#1605;&#1581;&#1605;&#1583; &#1576;&#1606; &#1593;&#1604;&#1610; &#1575;&#1604;&#1578;&#1594;&#1604;&#1610;&#1548; &#1575;&#1604;&#1605;&#1593;&#1585;&#1608;&#1601; &#1576;&#1575;&#1576;&#1606; &#1575;&#1604;&#1582;&#1610;&#1575;&#1591; &#1575;&#1604;&#1583;&#1605;&#1588;&#1602;&#1610;&#1548; 450-517&#1563;</subfield><subfield code="b">&#1585;&#1608;&#1575;&#1610;&#1577; &#1578;&#1604;&#1605;&#1610;&#1584;&#1607; &#1575;&#1576;&#1610; &#1593;&#1576;&#1583; &#1575;&#1604;&#1604;&#1607; &#1605;&#1581;&#1605;&#1583; &#1576;&#1606; &#1606;&#1589;&#1585; &#1576;&#1606; &#1589;&#1594;&#1610;&#1585; &#1575;&#1604;&#1582;&#1575;&#1604;&#1610; &#1575;&#1604;&#1602;&#1610;&#1587;&#1585;&#1575;&#1606;&#1610;&#1548; 478548.</subfield><subfield code="c">&#1593;&#1606;&#1610; &#1576;&#1578;&#1581;&#1602;&#1610;&#1602;&#1607;&#1610; &#1582;&#1604;&#1610;&#1604; &#1605;&#1585;&#1583;&#1605; &#1576;&#1603;.</subfield></datafield><datafield ind1=" " ind2=" " tag="880"><subfield code="6">260-03</subfield><subfield code="a">&#1583;&#1605;&#1588;&#1602; :</subfield><subfield code="b">[&#1575;&#1604;&#1605;&#1591;&#1576;&#1593;&#1577; &#1575;&#1604;&#1607;&#1575;&#1588;&#1605;&#1610;&#1577;]&#1548;</subfield><subfield code="c">[1958]</subfield></datafield><datafield ind1="1" ind2=" " tag="880"><subfield code="6">490-04</subfield><subfield code="a">&#1605;&#1591;&#1576;&#1608;&#1593;&#1575;&#1578; &#1575;&#1604;&#1605;&#1580;&#1605;&#1593; &#1575;&#1604;&#1593;&#1604;&#1605;&#1610; &#1575;&#1604;&#1593;&#1585;&#1576;&#1610; &#1576;&#1583;&#1605;&#1588;&#1602;</subfield></datafield><datafield ind1="1" ind2=" " tag="880"><subfield code="6">700-05</subfield><subfield code="a">&#1575;&#1576;&#1606; &#1575;&#1604;&#1602;&#1610;&#1587;&#1585;&#1575;&#1606;&#1610;&#1548; &#1605;&#1581;&#1605;&#1583; &#1576;&#1606; &#1606;&#1589;&#1585;&#1548;</subfield><subfield code="d">1085-1154.</subfield></datafield><datafield ind1=" " ind2="0" tag="880"><subfield code="6">830-06</subfield><subfield code="a">&#1605;&#1591;&#1576;&#1608;&#1593;&#1575;&#1578; &#1575;&#1604;&#1605;&#1580;&#1605;&#1593; &#1575;&#1604;&#1593;&#1604;&#1605;&#1610; &#1575;&#1604;&#1593;&#1585;&#1576;&#1610; &#1576;&#1583;&#1605;&#1588;&#1602;.</subfield></datafield><datafield ind1=" " ind2=" " tag="959"><subfield code="a">NNU</subfield><subfield code="b">WEB</subfield><subfield code="c">GENI</subfield><subfield code="t">0</subfield><subfield code="m">Electronic access</subfield><subfield code="s">01</subfield></datafield><datafield ind1=" " ind2=" " tag="999"><subfield code="i">NNC_3071679</subfield><subfield code="o">(OCoLC)ocm47822318</subfield><subfield code="e">(ERROR-880)</subfield><subfield code="s">columbia_aco000286</subfield></datafield></record>